% Encoding: UTF-8
@article {Turco1983,
	author = {Turco, R. P. and Toon, O. B. and Ackerman, T. P. and Pollack, J. B. and Sagan, Carl},
	title = {Nuclear Winter: Global Consequences of Multiple Nuclear Explosions},
	volume = {222},
	number = {4630},
	pages = {1283--1292},
	year = {1983},
	doi = {10.1126/science.222.4630.1283},
	publisher = {American Association for the Advancement of Science},
	issn = {0036-8075},
	URL = {https://science.sciencemag.org/content/222/4630/1283},
	eprint = {https://science.sciencemag.org/content/222/4630/1283.full.pdf},
	journal = {Science}
}

@book{dracos1996,
  title={Three-Dimensional Velocity and Vorticity Measuring and Image Analysis Techniques: Lecture Notes from the Short Course Held in Z{\"u}rich, Switzerland, 3--6 September 1996},
  author={Dracos, Th},
  volume={4},
  year={1996},
  publisher={Springer Science \& Business Media}
}